0                 01CBA       Simplimate                301500Wages       220324                                        
1083-004441339165 530000464860Tom Posadowski                  Wages             063-074 10124520Simplimate      00000000
1013-236300765611 530000548318Mathew Parkin                   Wages             063-074 10124520Simplimate      00000000
1193-879478910038 530000441160Gurvinder Sekhon                Wages             063-074 10124520Simplimate      00000000
1086-006364159960 530000464860Duncan P Stanistreet            Wages             063-074 10124520Simplimate      00000000
1944-600013591827 530000494720Angela  Pinirou                 Wages             063-074 10124520Simplimate      00000000
7999-999            000241391800024139180000000000                        000005                                        
